@misc{HTTP,
	author={Urs Schreiber},
	title={Higher Topos Theory in Physics},
	book={Encyclopedia of Mathematical Physics 2nd ed (尚未出版)},
	year={2023},
	url={https://ncatlab.org/schreiber/show/Higher+Topos+Theory+in+Physics}
}

@book{HTT,
	author = {Jacob Lurie},
	title = {Higher Topos Theory},
	publisher= {Princeton University Press},
	year = {2009}
}

@book{DCCT,
	author = {Urs Schreiber},
	title = {Diifferential Cohomology in a Cohesive Topos},
	publisher = {(尚未出版)},
	url = {https://ncatlab.org/schreiber/files/dcct170811.pdf}
}


@misc{FHC,
	author = {Denis-Charles Cisinski},
	title = {Formalization of Higher Category Theory},
	note = {记录人: Bastiaan Cnossen},
	url = {https://elearning.uni-regensburg.de/course/view.php?id=64170},
	type = {课程笔记},
	year = {2023}
}